<record><leader>00000cas a22000007a 4500</leader><controlfield tag="001">29527438</controlfield><controlfield tag="008">931220d19921995gauir ne      0   a0eng c</controlfield><datafield ind1=" " ind2=" " tag="010"><subfield code="a">sn 91074152 </subfield></datafield><datafield ind1=" " ind2=" " tag="040"><subfield code="a">NLG</subfield><subfield code="b">eng</subfield><subfield code="c">NLG</subfield><subfield code="d">NSD</subfield><subfield code="d">NLG</subfield><subfield code="d">OCLCQ</subfield><subfield code="d">GUA</subfield><subfield code="d">OCLCQ</subfield><subfield code="d">OCLCF</subfield><subfield code="d">OCLCO</subfield></datafield><datafield ind1=" " ind2=" " tag="012"><subfield code="j">0</subfield><subfield code="m">d</subfield></datafield><datafield ind1="1" ind2=" " tag="022"><subfield code="a">1076-4852</subfield><subfield code="l">1076-4852</subfield><subfield code="2">1</subfield></datafield><datafield ind1="1" ind2=" " tag="029"><subfield code="a">AU@</subfield><subfield code="b">000025874629</subfield></datafield><datafield ind1=" " ind2=" " tag="042"><subfield code="a">nsdp</subfield><subfield code="a">pcc</subfield></datafield><datafield ind1=" " ind2=" " tag="043"><subfield code="a">n-us-ga</subfield></datafield><datafield ind1=" " ind2="0" tag="222"><subfield code="a">Gwinnett post-tribune</subfield></datafield><datafield ind1="0" ind2="0" tag="245"><subfield code="a">Gwinnett post-tribune.</subfield></datafield><datafield ind1="3" ind2="0" tag="246"><subfield code="a">Gwinnett post tribune</subfield></datafield><datafield ind1=" " ind2=" " tag="260"><subfield code="a">Lawrenceville, Ga. :</subfield><subfield code="b">Still Advertising and Promotions,</subfield><subfield code="c">1992-1995.</subfield></datafield><datafield ind1=" " ind2=" " tag="300"><subfield code="a">v.</subfield></datafield><datafield ind1=" " ind2=" " tag="310"><subfield code="a">Three times a week,</subfield><subfield code="b">Apr. 1, 1994-Sept. 2, 1995</subfield></datafield><datafield ind1=" " ind2=" " tag="321"><subfield code="a">Semiweekly,</subfield><subfield code="b">Oct. 18, 1992-Mar. 26, 1994</subfield></datafield><datafield ind1="0" ind2=" " tag="362"><subfield code="a">Oct. 18, 1992-Sept. 2, 1995.</subfield></datafield><datafield ind1=" " ind2=" " tag="530"><subfield code="a">Also on microfilm: Athens, Ga. : University of Georgia Libraries.</subfield></datafield><datafield ind1=" " ind2="0" tag="651"><subfield code="a">Lawrenceville (Ga.)</subfield><subfield code="v">Newspapers.</subfield></datafield><datafield ind1=" " ind2="0" tag="651"><subfield code="a">Gwinnett County (Ga.)</subfield><subfield code="v">Newspapers.</subfield></datafield><datafield ind1=" " ind2="7" tag="655"><subfield code="a">Newspapers.</subfield><subfield code="2">fast</subfield><subfield code="0">(OCoLC)fst01423814</subfield></datafield><datafield ind1=" " ind2="7" tag="651"><subfield code="a">Georgia</subfield><subfield code="z">Gwinnett County.</subfield><subfield code="2">fast</subfield><subfield code="0">(OCoLC)fst01211768</subfield></datafield><datafield ind1=" " ind2="7" tag="651"><subfield code="a">Georgia</subfield><subfield code="z">Lawrenceville.</subfield><subfield code="2">fast</subfield><subfield code="0">(OCoLC)fst01217059</subfield></datafield><datafield ind1=" " ind2=" " tag="752"><subfield code="a">United States</subfield><subfield code="b">Georgia</subfield><subfield code="c">Gwinnett</subfield><subfield code="d">Lawrenceville.</subfield></datafield><datafield ind1="0" ind2="0" tag="780"><subfield code="t">Gwinnett home weekly</subfield><subfield code="w">(DLC)sn 90052068</subfield><subfield code="w">(OCoLC)21924310</subfield></datafield><datafield ind1="0" ind2="0" tag="785"><subfield code="t">Gwinett daily post</subfield><subfield code="w">(DLC)sn 95002431</subfield><subfield code="w">(OCoLC)33630135</subfield></datafield></record>